@misc{mlcheatsheet,
  author = {ML Cheatsheet},
  title = {{Activation Functions - ML Cheatsheet}},
  howpublished = {\url{https://ml-cheatsheet.readthedocs.io/en/latest/activation_functions.html\#:\~:text=ELU\%20is\%20very\%20similiar\%20to,\%CE\%B1\%20whereas\%20RELU\%20sharply\%20smoothes.\&text=Pros-,\%CE\%B1\%20whereas\%20RELU\%20sharply\%20smoothes.}},
  year = {Accessed on 2024-05-18}
}