@misc{ml-cheatsheet-activation-functions,
	author       = {Yuan, Avinash},
	title        = {{Machine Learning Cheatsheet: Activation Functions}},
	year         = {n.d.},
	url          = {https://ml-cheatsheet.readthedocs.io/en/latest/activation_functions.html#:\~:text=ELU\%20is\%20very\%20similiar\%20to,\%CE\%B1\%20whereas\%20RELU\%20sharply\%20smoothes.\&text=Pros-,ELU\%20becomes\%20smooth\%20slowly\%20until\%20its\%20output\%20equal,\%CE\%B1\%20whereas\%20RELU\%20sharply\%20smoothes.},
	note         = {Accessed: May 18, 2024},
}
@article{towardsdatascience2020ensemblelearning,
  title={Basic Ensemble Learning: Random Forest, AdaBoost, Gradient Boosting â€” Step by Step Explained},
  author={Towards Data Science},
  journal={Towards Data Science},
  year={2020},
  note={Accessed: 2024-05-20},
  url={https://towardsdatascience.com/basic-ensemble-learning-random-forest-adaboost-gradient-boosting-step-by-step-explained-95d49d1e2725}
}
@article{geeksforgeeks2023differences,
  title={Differences between Random Forest and AdaBoost},
  author={GeeksforGeeks},
  journal={GeeksforGeeks},
  year={2023},
  note={Accessed: 2024-05-20},
  url={https://www.geeksforgeeks.org/differences-between-random-forest-and-adaboost/}
}
