@misc{xu_2024,
  author       = {Sophia Xu},
  title        = {Final Project for Data Science Course},
  year         = 2024,
  url          = {https://xusophia.github.io/DataSciFinalProj/},
  note         = {Accessed: 2024-07-05}
}
